@Article{Cox01,
author = {Cox, M.P. and Karafet, T.M. and Lansing J.S. and Sudoyo H. and Hammer M.F.},
title = {Autosomal and X-linked single nucleotide polymorphisms reveal a steep Asian-Melanesian ancestry cline in eastern Indonesia and a sex bias in admixture rates},
journal = {Proceedings of The Royal Society},
year = {2010},
OPTkey = {•},
OPTvolume = {•},
OPTnumber = {•},
OPTpages = {•},
OPTmonth = {•},
OPTnote = {•},
OPTannote = {•}
}
